<record><leader>00000cas a22000007a 4500</leader><controlfield tag="001">26064810</controlfield><controlfield tag="008">920623d18891924ohusn ne      0    0eng d</controlfield><datafield ind1=" " ind2=" " tag="010"><subfield code="a">sn 92063443 </subfield></datafield><datafield ind1=" " ind2=" " tag="040"><subfield code="a">ONP</subfield><subfield code="b">eng</subfield><subfield code="c">ONP</subfield><subfield code="d">OCLCQ</subfield><subfield code="d">OCLCF</subfield><subfield code="d">OCLCO</subfield><subfield code="d">OCLCA</subfield></datafield><datafield ind1="1" ind2=" " tag="029"><subfield code="a">AU@</subfield><subfield code="b">000020711343</subfield></datafield><datafield ind1=" " ind2=" " tag="042"><subfield code="a">msc</subfield></datafield><datafield ind1=" " ind2=" " tag="043"><subfield code="a">n-us-oh</subfield></datafield><datafield ind1="0" ind2=" " tag="130"><subfield code="a">Kenyon collegian (Gambier, Ohio : 1889)</subfield></datafield><datafield ind1="1" ind2="4" tag="245"><subfield code="a">The Kenyon collegian.</subfield></datafield><datafield ind1=" " ind2=" " tag="260"><subfield code="a">Gambier, O. [Ohio] :</subfield><subfield code="b">Kenyon College,</subfield><subfield code="c">1889-1924.</subfield></datafield><datafield ind1=" " ind2=" " tag="300"><subfield code="a">v.</subfield></datafield><datafield ind1=" " ind2=" " tag="310"><subfield code="a">Semimonthly (during the academic year),</subfield><subfield code="b">Oct. 26, 1921-June 5, 1924</subfield></datafield><datafield ind1=" " ind2=" " tag="321"><subfield code="a">Monthly (during the academic year),</subfield><subfield code="b">Oct. 1889-Mar. 1921</subfield></datafield><datafield ind1="0" ind2=" " tag="362"><subfield code="a">Vol. 16, no. 5 (Oct. 1889)-v. 50, no. 8 (June 5, 1924).</subfield></datafield><datafield ind1=" " ind2=" " tag="500"><subfield code="a">"Devoted to the interests of Kenyon College."</subfield></datafield><datafield ind1=" " ind2="0" tag="650"><subfield code="a">Universities and colleges</subfield><subfield code="z">Ohio</subfield><subfield code="v">Newspapers.</subfield></datafield><datafield ind1=" " ind2="4" tag="651"><subfield code="a">Gambier (Ohio)</subfield><subfield code="v">Newspapers.</subfield></datafield><datafield ind1=" " ind2="4" tag="651"><subfield code="a">Knox County (Ohio)</subfield><subfield code="v">Newspapers.</subfield></datafield><datafield ind1=" " ind2="7" tag="655"><subfield code="a">Newspapers.</subfield><subfield code="2">fast</subfield><subfield code="0">(OCoLC)fst01423814</subfield></datafield><datafield ind1=" " ind2="7" tag="650"><subfield code="a">Universities and colleges.</subfield><subfield code="2">fast</subfield><subfield code="0">(OCoLC)fst01161597</subfield></datafield><datafield ind1=" " ind2="7" tag="651"><subfield code="a">Ohio.</subfield><subfield code="2">fast</subfield><subfield code="0">(OCoLC)fst01205075</subfield></datafield><datafield ind1=" " ind2=" " tag="752"><subfield code="a">United States</subfield><subfield code="b">Ohio</subfield><subfield code="c">Knox</subfield><subfield code="d">Gambier.</subfield></datafield><datafield ind1="0" ind2="0" tag="780"><subfield code="t">Collegian (Gambier, Ohio : 1873)</subfield><subfield code="w">(DLC)sn 92063454</subfield></datafield><datafield ind1="0" ind2="0" tag="785"><subfield code="t">Collegian (Gambier, Ohio : 1924)</subfield><subfield code="w">(DLC)sn 92063442</subfield></datafield></record>